@Online{wikiOSM,
    key         = {zweb:wikiOSM},
    title       = {Wikipedie, anglická a česká verze},
    howpublished= {[online]},
    year        = {10-03-2016},
    publisher   = {Wikipedia Foundation},
    url         = {https://www.cs.wikipedia.org/wiki/OpenStreetMap},
  }

@Online{OSMserver,
    key         = {zweb:OSMserver},
    title       = {OpenStreetMap moves to PostgreSQL},
    howpublished= {[online]},
    year        = {30-04-2016},
    publisher   = {Paul Ramsey},
    url         = {http://blog.cleverelephant.ca/2009/04/openstreetmap-moves-to-postgresql.html},
  }

@Online{wikiPython,
    key         = {zweb:wikiPython},
    title       = {Python},
    howpublished= {[online]},
    year        = {12-04-2016},
    publisher   = {Wikipedia Fundation},
    url         = {https://cs.wikipedia.org/wiki/Python},
}      

@Online{OSMfeatures,
    key         = {zweb:OSMfeatures},
    title       = {Map Features, česká verze},
    howpublished= {[online]},
    year        = {23-03-2016},
    publisher   = {OpenStreetMap Foundation},
    url         = {https://wiki.openstreetmap.org/wiki/Cs:Map_Features},
  }
  
@Online{OSMlicence,
    key         = {zweb:OSMlicence},
    title       = {Copyright and Licence},
    howpublished= {[online]},
    year        = {10-03-2016},
    publisher   = {OpenStreetMap Foundation},
    url         = {http://www.openstreetmap.org/copyright},
  }

@Online{OSMlicenceChange,
    key         = {zweb:OSMlicenceChange},
    title       = {We Are Changing The License},
    howpublished= {[online]},
    year        = {10-04-2016},
    publisher   = {OpenStreetMap Foundation},
    url         = {http://wiki.osmfoundation.org/wiki/License/We_Are_Changing_The_License},
  }

@Online{OSMlicenceIssue,
    key         = {zweb:OSMlicenceIssue},
    title       = {Automated redactions complete},
    year        = {28-04-2016},
    url         = {https://blog.openstreetmap.org/2012/07/26/automated-redactions-complete/},
  }

@MastersThesis{Nesetril2013thesis,  
    key         = {Nesetril2013thesis},
    author      = {NEŠETŘIL Matěj},
    title       = {Informace veřejného sektoru a otevřená datová infrastruktura [online]},
    school      = {Masarykova univerzita, Fakulta informatiky, Brno},
    year        = {2013 [cit. 2016-05-07]},
    type        = {Bakalářská práce},
    url         = {http://is.muni.cz/th/374090/fi_b/},
    OPTaddress = {},
    OPTmonth = {},
    OPTnote = {},
    OPTannote = {}
}

@InProceedings{WebMercator,
    key         = {WebMercator},
    author      = {Sarah E. Battersby and Michael P. Finn and E. Lynn Usery and Kristina H. Yamamoto},
    title       = {Implications of Web Mercator and Its Use in Online Mapping},
    medium      = {online},
    year        = {05-05-2016},
    pages       = {92},
    url         = {http://cegis.usgs.gov/projection/pdf/Battersby_Implications of Web Mecator and Its Use in Online Mapping.pdf},
}

@Online{OpendataTrends,
    key         = {zweb:OpendataTrends},
    title       = {European countries making clear progress with Open Data},
    howpublished= {[online]},
    year        = {05-05-2016},
    publisher   = {not known},
    url         = {http://blogs.worldbank.org/opendata/european-countries-making-clear-progress-open-data},
  }


@Online{osmstats,
    key         = {zweb:OSMstats},
    title       = {OpenStreetMap statistic},
    howpublished= {[online]},
    year        = {08-04-2016},
    publisher   = {altogetherlost.com and Pascal Neis (neis-one.org)},
    url         = {http://osmstats.neis-one.org},
  }

@Online{IPRbrozura,
    key         = {zweb:IPRbrozura},
    title       = {IPR PRAHA - základní info},
    howpublished= {[online]},
    publisher   = {Institut plánování a rozvoje hlavního města Prahy},
    year        = {05-04-2016},
    url         = {http://www.iprpraha.cz/uploads/assets/dokumenty/obecne/brozura_ipr_1509.pdf},
}

@Online{IPR,
    key         = {zweb:IPR},
    title       = {Co IPR Praha dělá?},
    howpublished= {[online]},
    publisher   = {Institut plánování a rozvoje hlavního města Prahy},
    year        = {30-03-2016},
    url         = {www.iprpraha.cz/clanek/343/co-ipr-praha-dela},
  }


@Online{PostgreSQL,
    key         = {zweb:PostgeSQL},
    title       = {PostgreSQL: about},
    howpublished= {[online]},
    publisher   = {The PostgreSQL Global Development Group},
    year        = {14-04-2016},
    url         = {http://postgresql.org/about/},
    }

@Online{python,
    key         = {zweb:Python},
    title       = {General Python FAQ},
    howpublished= {[online]},
    publisher   = {Python Software Foundation},
    year        = {01-04-2016},
    url         = {http://docs.python.org/2/faq/general.html},
  }

@Online{argparse,
    key         = {zweb:argparse},
    title       = {Argparse Tutorial},
    howpublished= {[online]},
    publisher   = {Python Software Foundation},
    year        = {10-04-2016},
    url         = {https://docs.python.org/2/howto/argparse.html},
  }

  
@Online{xmltodict,
    key         = {zweb:xmltodict},
    title       = {XML parsing},
    howpublished= {[online]},
    publisher   = {A Kenneth Reitz Project},
    year        = {01-04-2016},
    url         = {http://docs.python-guide.org/en/latest/scenarios/xml/},
  }

  
@Online{GDAL,
    key         = {zweb:GDAL/OGR},
    title       = {GDAL/OGR FAQ},
    howpublished= {[online]},
    publisher   = {},
    year        = {08-04-2016},
    url         = {http://trac.osgeo.org/gdal/wiki/FAQ},
  }
  
@Online{ODbl,
    key         = {zweb:ODbl},
    title       = {License/Why CC BY-SA is Unsuitable},
    howpublished= {[online]},
    publisher   = {OpenStreetMap Foundation},
    year        = {30-08-2012},
    url         = {http://trac.osgeo.org/gdal/wiki/FAQ},
  }

